%
% This is file `coppe.bib'.
%
% Bibliographic references for the documentation.
%
% Copyright (C) 2011 CoppeTeX Project and any individual authors listed
% elsewhere in this file.
%
% This program is free software; you can redistribute it and/or modify
% it under the terms of the GNU General Public License version 3 as
% published by the Free Software Foundation.
%
% This program is distributed in the hope that it will be useful,
% but WITHOUT ANY WARRANTY; without even the implied warranty of
% MERCHANTABILITY or FITNESS FOR A PARTICULAR PURPOSE. See the
% GNU General Public License version 3 for more details.
%
% You should have received a copy of the GNU General Public License
% version 3 along with this package (see COPYING file).
% If not, see <http://www.gnu.org/licenses/>.
%
% $URL: https://coppetex.svn.sourceforge.net/svnroot/coppetex/trunk/coppe.bib $
% $Id: coppe.bib 118 2008-10-18 14:17:06Z helano $
%
% Author(s): Vicente H. F. Batista
%            George O. Ainsworth Jr.
%

@BOOK{diniz1997adaptive,
	title={Adaptive filtering},
	author={Diniz, Paulo SR},
	year={1997},
	publisher={Springer}
}

@article{castello2005experimental,
	title={An experimental assessment of transverse adaptive fir filters as applied to vibrating structures identification},
	author={Castello, Daniel A and Rochinha, Fernando A},
	journal={Shock and Vibration},
	volume={12},
	number={3},
	pages={197--216},
	year={2005},
	publisher={Hindawi Publishing Corporation}
}
